% Encoding: UTF-8

%%%
%
%Beim Erstellen der Bibtex-Datei wird empfohlen darauf zu achten, dass die DOI aufgeführt wird.
%
%%%

@Online{AnzahlStartups2018,
  author  = {{LSP Digital}},
  title   = {Anzahl der Blockchain-Startups mit Hauptquartier in Deutschland nach Städten (Stand: April 2018)},
  year    = {2018},
  url     = {https://de.statista.com/statistik/daten/studie/869229/umfrage/anzahl-der-blockchain-startups-in-deutschland-nach-staedten/},
  urldate = {2019-06-03},
}

@Online{Buffett2014,
  author  = {{CNBC}},
  title   = {Buffett blasts bitcoin as 'mirage': 'Stay away!'},
  year    = {2014},
  url     = {https://www.cnbc.com/2014/03/14/buffett-blasts-bitcoin-as-mirage-stay-away.html},
  urldate = {2019-06-04},
}

@Online{Schuette2017,
  author       = {Julian Schütte and Gilbert Fridgen and Wolfgang Prinz and Thomas Rose and Nils Urbach},
  title        = {BLOCKCHAIN UND SMART CONTRACTS},
  year         = {2017},
  url          = {https://www.sit.fraunhofer.de/fileadmin/dokumente/studien_und_technical_reports/Fraunhofer-Positionspapier_Blockchain-und-Smart-Contracts.pdf},
  subtitle     = {Technologien, Forschungsfragen und Anwendungen},
  organization = {Fraunhofer-Gesellschaft},
  urldate      = {2019-05-27},
}

@InCollection{McCorry2017,
  author    = {Patrick McCorry and Siamak F. Shahandashti and Feng Hao},
  title     = {A Smart Contract for Boardroom Voting with Maximum Voter Privacy},
  booktitle = {Financial Cryptography and Data Security},
  year      = {2017},
  publisher = {Springer International Publishing},
  pages     = {357--375},
  doi       = {10.1007/978-3-319-70972-7_20},
}

@Article{Kshetri2018,
  author    = {Nir Kshetri and Jeffrey Voas},
  title     = {Blockchain-Enabled E-Voting},
  journal   = {{IEEE} Software},
  year      = {2018},
  volume    = {35},
  number    = {4},
  month     = {jul},
  pages     = {95--99},
  doi       = {10.1109/ms.2018.2801546},
  publisher = {Institute of Electrical and Electronics Engineers ({IEEE})},
}

@InProceedings{Yavuz2018,
  author    = {Emre Yavuz and Ali Kaan Koc and Umut Can Cabuk and Gokhan Dalkilic},
  title     = {Towards secure e-voting using ethereum blockchain},
  booktitle = {2018 6th International Symposium on Digital Forensic and Security ({ISDFS})},
  year      = {2018},
  publisher = {{IEEE}},
  month     = {mar},
  doi       = {10.1109/isdfs.2018.8355340},
}

@Online{luxoft2018,
  author  = {{Luxoft, Hochschule Luzern, Stadt Zug}},
  title   = {Auswertung der Blockchain-Konsultativabstimmung in der Stadt Zug},
  year    = {2018},
  url     = {http://www.stadtzug.ch/dl.php/de/5c00ff8dbb8a6/eVoting_Stadt_Zug_Abschlussbericht_DE.pdf},
  urldate = {2019-06-04},
}

@Online{Agora2019,
  author  = {{Agora}},
  title   = {What is Agora},
  year    = {2019},
  url     = {https://www.agora.vote/about},
  urldate = {2019-06-05},
}

@Online{Sperlich2019,
  author  = {Tom Sperlich},
  title   = {Öffentlicher Intrusionstest: Schweizerische Post lässt E-Voting-System hacken},
  year    = {2019},
  url     = {https://www.heise.de/newsticker/meldung/Oeffentlicher-Intrusionstest-Schweizerische-Post-laesst-E-Voting-System-hacken-4301838.html},
  urldate = {2019-06-05},
}

@Online{Weidemann2018,
  author  = {Tobias Weidemann},
  title   = {Wirecard launcht Supply-Chain-Payment-Plattform basierend auf Blockchain-Technologie},
  year    = {2018},
  url     = {https://www.it-finanzmagazin.de/wirecard-launcht-supply-chain-payment-plattform-basierend-auf-blockchain-technologie-72030/},
  urldate = {2019-06-06},
}

@InCollection{Notheisen2017,
  author    = {Benedikt Notheisen and Magnus Gödde and Christof Weinhardt},
  title     = {Trading Stocks on Blocks - Engineering Decentralized Markets},
  booktitle = {Lecture Notes in Computer Science},
  year      = {2017},
  publisher = {Springer International Publishing},
  pages     = {474--478},
  doi       = {10.1007/978-3-319-59144-5_34},
}

@Online{Hoikkala2019,
  author  = {Hanna Hoikkala},
  title   = {Blockchain Bourse SprinkleXchange Is Nearing Its First Listing},
  year    = {2019},
  url     = {https://www.bloomberg.com/news/articles/2019-05-17/blockchain-bourse-sprinklexchange-is-nearing-its-first-listing},
  urldate = {2019-06-06},
}

@Online{bpb2019,
  author  = {{Bundeszentrale für politische Bildung}},
  title   = {https://www.bpb.de/politik/hintergrund-aktuell/287108/eu-urheberrechtsreform},
  year    = {2019},
  url     = {https://www.bpb.de/politik/hintergrund-aktuell/287108/eu-urheberrechtsreform},
  urldate = {2019-06-09},
}

@Online{Attar2018,
  author  = {Alexander Attar},
  title   = {The Ujo Platform: A Decentralized Music Ecosystem},
  year    = {2018},
  url     = {https://blog.ujomusic.com/the-ujo-platform-a-decentralized-music-ecosystem-e530c31b62bc},
  urldate = {2019-06-12},
}

@InCollection{Gilli2019,
  author    = {Lorenz Gilli and Aaron Röver},
  title     = {Die Blockchain in der Musikindustrie},
  booktitle = {Jahrbuch für Musikwirtschafts- und Musikkulturforschung},
  year      = {2019},
  publisher = {Springer Fachmedien Wiesbaden},
  pages     = {99--128},
  doi       = {10.1007/978-3-658-21220-9_5},
}

@Online{Bitkom2019,
  author  = {{Bitkom}},
  title   = {Welche Aussagen treffen auf digitale Technologien in der Logistik zu?},
  year    = {2019},
  url     = {https://de.statista.com/statistik/daten/studie/693023/umfrage/umfrage-zu-digitalen-technologien-in-der-logistikbranche-in-deutschland/},
  urldate = {2019-06-12},
}

@Online{Disponaut2016,
  author  = {{Disponaut}},
  title   = {Wie der Palettentausch in Europa funktioniert},
  year    = {2016},
  url     = {https://www.disponaut.de/verkehrstraeger/strasse/single-view/nachricht/wie-der-palettentausch-in-europa-funktioniert.html},
  urldate = {2019-05-30},
}

@Online{GS12017,
  author  = {{GS1 Germany}},
  title   = {Digitalisierung der Logistik mit standardisiertem Palettenschein},
  year    = {2017},
  url     = {https://www.gs1-germany.de/service/presse/meldung/meldung/digitalisierung-der-logistik-mit-standardisiertem-palettenschein-508/},
  urldate = {2019-05-30},
}

@Online{Tradelens2019a,
  author  = {{Tradelens}},
  title   = {The Tradelens Solution},
  year    = {2019},
  url     = {https://www.tradelens.com/solution/},
  urldate = {2019-06-02},
}

@Online{Tradelens2019b,
  author  = {{Tradelens}},
  title   = {Solution Brief},
  year    = {2019},
  url     = {https://www.tradelens.com/wp-content/uploads/2019/03/TradeLens-Solution-Brief_Edition-One2.pdf},
  urldate = {2019-06-02},
}

@Online{Hyperledger2019,
  author  = {{Hyperledger}},
  title   = {How Walmart brought unprecedented transparency to the food supply chain with Hyperledger Fabric},
  year    = {2019},
  url     = {https://www.hyperledger.org/wp-content/uploads/2019/02/Hyperledger_CaseStudy_Walmart_Printable_V4.pdf},
  urldate = {2019-05-31},
}

@Online{Cobility2019,
  author  = {{Cobility}},
  title   = {COBILITY. Dezentrales Netzwerk für die Transportlogistik},
  year    = {2019},
  url     = {https://www.cobility.org/},
  urldate = {2019-06-07},
}

@Online{FVW2017,
  author  = {{FVW Medien}},
  title   = {Ranking der größten Reiseportalbetreiber in Deutschland in den Jahren 2016 und 2017 nach Umsatz (in Millionen Euro).},
  year    = {2017},
  url     = {https://de.statista.com/statistik/daten/studie/315069/umfrage/groesste-reiseportalbetreiber-in-deutschland/},
  urldate = {2019-05-13},
}

@Online{Booking2019,
  author  = {{Booking Holdings}},
  title   = {History},
  year    = {2019},
  url     = {https://www.bookingholdings.com/about/history/},
  urldate = {2019-05-16},
}

@Online{Expedia2019,
  author  = {{Expedia Group}},
  title   = {Global Network of Brands},
  year    = {2019},
  url     = {https://www.expediagroup.com/expedia-brands/},
  urldate = {2019-05-16},
}

@Online{WT2019,
  author   = {{Winding Tree}},
  title    = {A Practical Application of Blockchain for the Travel Industry},
  year     = {2019},
  url      = {https://windingtree.com/White_Paper_EN.pdf},
  subtitle = {Using blockchain technology to enable a fair and competitive travel distribution market},
  urldate  = {2019-05-13},
}

@Online{Mathews2017,
  author  = {Lee Mathews},
  title   = {Travel Giant Sabre Confirms Its Reservation System Was Hacked},
  year    = {2017},
  url     = {https://www.forbes.com/sites/leemathews/2017/07/06/travel-giant-sabre-confirms-its-reservation-system-was-hacked/#2ffcdd7b4b20},
  urldate = {2019-05-14},
}

@Online{WTWebsite2019,
  author  = {{Winding Tree}},
  title   = {Winding Tree},
  year    = {2019},
  url     = {https://windingtree.com/},
  urldate = {2019-05-13},
}

@Online{WTGitHub2019,
  author  = {{Winding Tree}},
  title   = {Winding Tree GitHub Account},
  year    = {2019},
  url     = {https://github.com/windingtree},
  urldate = {2019-05-17},
}

@Online{Coinmarketcap2019,
  author  = {{CoinMarketCap}},
  title   = {Winding Tree (LIF)},
  year    = {2019},
  url     = {https://coinmarketcap.com/de/currencies/winding-tree/},
  urldate = {2019-06-26},
}

@Online{Lif2019,
  author  = {{Winding Tree}},
  title   = {Lif Market Validation Mechanism},
  year    = {2019},
  url     = {https://mvm.windingtree.com},
  urldate = {2019-06-26},
}

@Online{WTAPIOverview2019,
  author  = {{Winding Tree}},
  title   = {Architectural overview},
  year    = {2019},
  url     = {https://developers.windingtree.com/architectural-overview.html},
  urldate = {2019-05-20},
}

@Online{WTHotelContract2019,
  author  = {{Winding Tree}},
  title   = {WTHotelIndex},
  year    = {2019},
  url     = {https://github.com/windingtree/wt-contracts/blob/33a634ccaac1e0247e654437c850e14278e8ef9f/contracts/WTHotelIndex.sol},
  urldate = {2019-05-20},
}

@Online{WTInventory2019,
  author  = {{Winding Tree}},
  title   = {How to publish inventory},
  year    = {2019},
  url     = {https://developers.windingtree.com/tutorials/how-to-publish-inventory.html},
  urldate = {2019-05-21},
}

@Online{WTQueryInventory2019,
  author  = {{Winding Tree}},
  title   = {How to query inventory listings},
  year    = {2019},
  url     = {https://developers.windingtree.com/tutorials/how-to-retrieve-inventory.html},
  urldate = {2019-05-21},
}

@Online{WTBooking2019,
  author  = {{Winding Tree}},
  title   = {How to book a stay},
  year    = {2019},
  url     = {https://developers.windingtree.com/tutorials/how-to-book-a-stay.html},
  urldate = {2019-05-21},
}

@Online{WTBookingAccept2019,
  author  = {{Winding Tree}},
  title   = {How to accept bookings?},
  year    = {2019},
  url     = {https://developers.windingtree.com/tutorials/how-to-accept-bookings.html},
  urldate = {2019-05-21},
}

@Online{B3iWhoWeAre2019,
  author  = {{B3i}},
  title   = {Who we are},
  year    = {2019},
  url     = {https://b3i.tech/who-we-are.html},
  urldate = {2019-05-15},
}

@Online{B3iHackathon2019,
  author  = {{B3i}},
  title   = {B3i Hackathon Successfully Tests Live Application},
  year    = {2019},
  url     = {https://b3i.tech/single-news-reader/b3i-hackathon-successfully-tests-live-application.html},
  urldate = {2019-06-25},
}

@Online{Fizzy2019,
  author  = {{Fizzy}},
  title   = {About us},
  year    = {2019},
  url     = {https://fizzy.axa/en-gb/faq},
  urldate = {2019-05-30},
}

@Online{Clement2019,
  author  = {Alexandre Clement},
  title   = {fizzy by AXA: Ethereum Smart Contract in details},
  year    = {2019},
  url     = {https://medium.com/@humanGamepad/fizzy-by-axa-ethereum-smart-contract-in-details-40e140a9c1c0},
  urldate = {2019-05-30},
}

@Online{EtherscanNewContract2019,
  author  = {{Etherscan}},
  title   = {Contract 0xdc3d8fc2C41781B0259175BdC19516f7Da11cBA7},
  year    = {2019},
  url     = {https://etherscan.io/address/0xdc3d8fc2c41781b0259175bdc19516f7da11cba7#contracts},
  urldate = {2019-05-30},
}

@Online{EtherscanOldContract2019,
  author  = {{Etherscan}},
  title   = {Contract 0xe083515D1541F2a9Fd0ca03f189F5D321C73B872},
  year    = {2019},
  url     = {https://etherscan.io/address/0xe083515d1541f2a9fd0ca03f189f5d321c73b872#contracts},
  urldate = {2019-05-30},
}

@Online{FizzyNewInsurance2019,
  author  = {{Etherscan}},
  title   = {Transaction Details},
  year    = {2019},
  url     = {https://etherscan.io/tx/0x6ecc9789935ff5c518f44fa9b2601f40ac6a8a4fa45f16f21146251dc9c9536a},
  urldate = {2019-06-30},
}

@Online{FizzyFlightLanded2019,
  author  = {{Etherscan}},
  title   = {Transaction Details},
  year    = {2019},
  url     = {https://etherscan.io/tx/0xcb63f57039f144073c4a4b45621a3c0da4593bd2185c14838d7b7e4c537f5be9},
  urldate = {2019-06-30},
}

@Online{FizzyTrigger2019,
  author  = {{Etherscan}},
  title   = {Contract 0xdc3d8fc2C41781B0259175BdC19516f7Da11cBA7},
  year    = {2019},
  url     = {https://etherscan.io/address/0xdc3d8fc2c41781b0259175bdc19516f7da11cba7#events},
  urldate = {2019-07-03},
}

@Online{AÜW,
  author  = {{AÜW}},
  title   = {Allgäu Microgrid},
  year    = {o.J.},
  url     = {https://www.auew.de/privatkunden/allgaeu-microgrid/},
  urldate = {2019-05-28},
}

@Online{Klaus2018,
  author  = {Joachim Klaus},
  editor  = {{AÜW}},
  title   = {Allgäu Microgrid – FAQ},
  year    = {2018},
  url     = {https://www.auew.de/wp-content/uploads/2018/01/FAQs.pdf},
  urldate = {2019-05-28},
}

@Online{BrooklynGrid2019,
  author  = {{Brooklyn Microgrid}},
  title   = {Brooklyn Microgrid},
  year    = {2019},
  url     = {https://www.brooklyn.energy/},
  urldate = {2019-05-28},
}

@Article{Ziegler2018,
  author       = {Joachim Klaus and Christian Ziegler},
  title        = {Blockchain-Projekte bei AÜW},
  journal      = {e|m|w},
  journaltitle = {e|m|w. Data Analytics für die Energiewirtschaft},
  issue        = {2|2018},
  pages        = {2--4},
}